<?xml version="1.0" encoding="UTF-8"?><collection xmlns="http://www.loc.gov/MARC21/slim"><record><leader>00600nam--2200181-i-4500</leader><controlfield tag="001">000028706</controlfield><controlfield tag="002">20161230</controlfield><controlfield tag="005">20161230201037</controlfield><controlfield tag="008">060222s1000------------r-----000-0-ger-d</controlfield><datafield ind1=" " ind2=" " tag="040"><subfield code="a">IFIN-HH</subfield></datafield><datafield ind1=" " ind2=" " tag="041"><subfield code="a">ger</subfield></datafield><datafield ind1=" " ind2=" " tag="080"><subfield code="a">531.19(043)</subfield></datafield><datafield ind1="1" ind2=" " tag="100"><subfield code="a">Lesche, Bernhard</subfield></datafield><datafield ind1="1" ind2="0" tag="245"><subfield code="a">Hat das prinzip vom zunehmedden mischungscharakter konsequenzen im bereich makroskopischer phanomene, die uber das entropieprinzip mossbar hinausgehen?</subfield><subfield code="b">Dissertation</subfield><subfield code="c">Bernhard lesche</subfield></datafield><datafield ind1=" " ind2=" " tag="260"><subfield code="a">Berlin</subfield><subfield code="b">Technischen Universitat Berlin</subfield><subfield code="c">1978</subfield></datafield><datafield ind1=" " ind2=" " tag="300"><subfield code="a">101P</subfield></datafield><datafield ind1=" " ind2=" " tag="852"><subfield code="a">46996</subfield><subfield code="c">531</subfield></datafield><datafield ind1=" " ind2=" " tag="CAT"><subfield code="a">Sys</subfield><subfield code="c">20110113</subfield><subfield code="h">131833</subfield></datafield></record></collection>